<record><leader>00000cas a2200000 a 4500</leader><controlfield tag="001">3544489</controlfield><controlfield tag="008">780109d19841984couwr ne      0   a0eng d</controlfield><datafield ind1=" " ind2=" " tag="010"><subfield code="a">sn 89052172 </subfield></datafield><datafield ind1=" " ind2=" " tag="040"><subfield code="a">COA</subfield><subfield code="b">eng</subfield><subfield code="c">COA</subfield><subfield code="d">CNQ</subfield><subfield code="d">OCLCQ</subfield><subfield code="d">OCL</subfield><subfield code="d">OCLCQ</subfield></datafield><datafield ind1="1" ind2=" " tag="029"><subfield code="a">AU@</subfield><subfield code="b">000025899453</subfield></datafield><datafield ind1=" " ind2=" " tag="037"><subfield code="b">Cripple Creek, Colo. 80813</subfield></datafield><datafield ind1=" " ind2=" " tag="042"><subfield code="a">msc</subfield></datafield><datafield ind1=" " ind2=" " tag="090"><subfield code="a">AN2</subfield><subfield code="b">.C7</subfield></datafield><datafield ind1="0" ind2="0" tag="245"><subfield code="a">Cripple Creek gold rush.</subfield></datafield><datafield ind1=" " ind2=" " tag="260"><subfield code="a">Cripple Creek, Colo.</subfield><subfield code="b">Park Publications, Inc.,</subfield></datafield><datafield ind1=" " ind2=" " tag="300"><subfield code="a">v. :</subfield><subfield code="b">ill.</subfield><subfield code="c">46 x 28 cm.</subfield></datafield><datafield ind1=" " ind2=" " tag="310"><subfield code="a">Weekly</subfield></datafield><datafield ind1="0" ind2=" " tag="362"><subfield code="a">Vol. 92, no. 24 (June 15, 1984)-v. 92, no. 45 (Nov. 16, 1984).</subfield></datafield><datafield ind1=" " ind2=" " tag="530"><subfield code="a">Available on microfilm from the Colorado Historical Society.</subfield></datafield><datafield ind1=" " ind2=" " tag="752"><subfield code="a">United States</subfield><subfield code="b">Colorado</subfield><subfield code="c">Teller</subfield><subfield code="d">Cripple Creek.</subfield></datafield><datafield ind1="0" ind2="0" tag="780"><subfield code="t">Gold rush (Cripple Creek, Colo.)</subfield><subfield code="w">(DLC)sn 89052171</subfield></datafield><datafield ind1="0" ind2="0" tag="785"><subfield code="t">Cripple Creek gold rush's Teller County times</subfield><subfield code="w">(DLC)sn 89052173</subfield></datafield></record>